
@article{turing1950,
  title={Computing machinery and intelligence},
  author={A. Turing},
  journal={Mind},
  pages={433--460},
  year={1950},
  publisher={JSTOR}
}
@misc{ cnfdnf,
   url = {http://cstheory.stackexchange.com/a/1414},
   note = {[Online; retrieved September 2014]}
}
@misc{ openmp,
   url = {http://en.wikipedia.org/wiki/OpenMP},
   note = {[Online; retrieved October 2014]}
}
@ARTICLE{pmsat,
    author = {Luís Gil and Paulo Flores and Luís Miguel Silveira},
    title = {PMSat: a parallel version of minisat},
    journal = {Journal on Satisfiability, Boolean Modeling and Computation},
    year = {},
    pages = {2008}
}
@misc{reduce,
  author = {Lance Fortnow},
  title = {Reductions to {SAT}},
  url = {http://blog.computationalcomplexity.org/2006/12/reductions-to-sat.html}
  note = {[Online; retrieved September 2014]}
}
@misc{ xkcd,
   author = {R. Munroe},
   title = {Correlation [Cartoon]},
   url = {http://xkcd.com/552/},
   note = {[Online; retrieved 28-Jul-2014]}
}  
@article{Sule14,
  author    = {Virendra Sule},
  title     = {An algorithm for Boolean satisfiability based on generalized orthonormal
               expansion},
  journal   = {CoRR},
  year      = {2014},
  volume    = {abs/1406.4712},
  url       = {http://arxiv.org/abs/1406.4712},
  timestamp = {Sat, 25 Oct 2014 01:54:20 +0200},
  biburl    = {http://dblp.uni-trier.de/rec/bib/journals/corr/Sule14},
  bibsource = {dblp computer science bibliography, http://dblp.org}
}

@article{DPLL,
 author = {Davis, Martin and Logemann, George and Loveland, Donald},
 title = {A Machine Program for Theorem-proving},
 journal = {Commun. ACM},
 issue_date = {July 1962},
 volume = {5},
 number = {7},
 month = jul,
 year = {1962},
 issn = {0001-0782},
 pages = {394--397},
 numpages = {4},
 url = {http://doi.acm.org/10.1145/368273.368557},
 doi = {10.1145/368273.368557},
 acmid = {368557},
 publisher = {ACM},
 address = {New York, NY, USA},
} 

@MISC{minisat,
    author = {Niklas Een and Niklas Sörensson},
    title = {An Extensible SAT-solver [ver 1.2]},
    year = {2003}
}


@article{overview,
  title={A short overview on modern parallel sat-solvers},
  author={H{\"o}lldobler, Steffen and Manthey, Norbert and Nguyen, V and Stecklina, J and Steinke, P},
  journal={Proceedings of the International Conference on Advanced Computer Science and Information Systems},
  pages={201--206},
  year={2011}
}
@inproceedings{GRASP,
 author = {Silva, Jo\~{a}o P. Marques and Sakallah, Karem A.},
 title = {{GRASP}-;a New Search Algorithm for Satisfiability},
 booktitle = {Proceedings of the 1996 IEEE/ACM International Conference on Computer-aided Design},
 series = {ICCAD '96},
 year = {1996},
 isbn = {0-8186-7597-7},
 location = {San Jose, California, USA},
 pages = {220--227},
 numpages = {8},
 url = {http://dl.acm.org/citation.cfm?id=244522.244560},
 acmid = {244560},
 publisher = {IEEE Computer Society},
 address = {Washington, DC, USA},
 keywords = {Propositional Satisfiability, Search Algorithms, Backtracking, Non-chronological Backtracking, Automatic Test Pattern Generation, Electronic Design Automation.},
} 
@INPROCEEDINGS{cdcl,
    author = {Lintao Zhang and Conor F. Madigan and Matthew H. Moskewicz},
    title = {Efficient Conflict Driven Learning in a Boolean Satisfiability Solver},
    booktitle = {ICCAD},
    year = {2001},
    pages = {279--285}
}